@inproceedings{aggarwalDetectionSpatialOutlier2019,
  title = {Detection of {{Spatial Outlier}} by {{Using Improved Z-Score Test}}},
  booktitle = {2019 3rd {{International Conference}} on {{Trends}} in {{Electronics}} and {{Informatics}} ({{ICOEI}})},
  author = {Aggarwal, Vaibhav and Gupta, Vaibhav and Singh, Prayag and Sharma, Kiran and Sharma, Neetu},
  year = {2019},
  month = apr,
  pages = {788--790},
  doi = {10.1109/ICOEI.2019.8862582},
  urldate = {2025-06-20}
}

@article{badalPredictiveModellingAnalytics2023,
  title = {Predictive Modelling and Analytics of Students' Grades Using Machine Learning Algorithms},
  author = {Badal, Yudish Teshal and Sungkur, Roopesh Kevin},
  year = {2023},
  month = mar,
  journal = {Education and Information Technologies},
  volume = {28},
  number = {3},
  pages = {3027--3057},
  issn = {1573-7608},
  doi = {10.1007/s10639-022-11299-8},
  urldate = {2025-06-18}
}

@inproceedings{bhartiCentroidBasedClustering2024,
  title = {Centroid {{Based Clustering Models}} for {{Designing Dense Ranking}} of {{Schools Focusing}} on {{Total Marks}} of {{Individual Students}} in a {{Common Examination}}},
  booktitle = {2024 1st {{International Conference}} on {{Cognitive}}, {{Green}} and {{Ubiquitous Computing}} ({{IC-CGU}})},
  author = {Bharti, Muskan and Pradhan, Gyanapriya and Rout, Dillip},
  year = {2024},
  month = mar,
  pages = {1--6},
  doi = {10.1109/IC-CGU58078.2024.10530803},
  urldate = {2025-06-18}
}

@inproceedings{bucosStudentClusterAnalysis2020,
  title = {Student Cluster Analysis Based on {{Moodle}} Data and Academic Performance Indicators},
  booktitle = {2020 {{International Symposium}} on {{Electronics}} and {{Telecommunications}} ({{ISETC}})},
  author = {Bucos, Marian and Dr{\u a}gulescu, Bogdan},
  year = {2020},
  month = nov,
  pages = {1--4},
  issn = {2475-7861},
  doi = {10.1109/ISETC50328.2020.9301061},
  urldate = {2025-06-18}
}

@article{bujangMulticlassPredictionModel2021,
  title = {Multiclass {{Prediction Model}} for {{Student Grade Prediction Using Machine Learning}}},
  author = {Bujang, Siti Dianah Abdul and Selamat, Ali and Ibrahim, Roliana and Krejcar, Ondrej and {Herrera-Viedma}, Enrique and Fujita, Hamido and Ghani, Nor Azura Md.},
  year = {2021},
  journal = {IEEE Access},
  volume = {9},
  pages = {95608--95621},
  issn = {2169-3536},
  doi = {10.1109/ACCESS.2021.3093563},
  urldate = {2025-06-18}
}

@inproceedings{gullImprovingLearningExperience2020,
  title = {Improving {{Learning Experience}} of {{Students}} by {{Early Prediction}} of {{Student Performance}} Using {{Machine Learning}}},
  booktitle = {2020 {{IEEE International Conference}} for {{Innovation}} in {{Technology}} ({{INOCON}})},
  author = {Gull, Hina and Saqib, Madeeha and Iqbal, Sardar Zafar and Saeed, Saqib},
  year = {2020},
  month = nov,
  pages = {1--4},
  doi = {10.1109/INOCON50539.2020.9298266},
  urldate = {2025-06-18}
}

@inproceedings{jagannathanPredictingBankruptcyCompanies2023,
  title = {Predicting {{Bankruptcy}} of {{Companies}} in the {{Pharmacy}} and {{Technology Sectors Using Altman}}'s {{Z-score}} Model},
  booktitle = {2023 6th {{International Conference}} on {{Recent Trends}} in {{Advance Computing}} ({{ICRTAC}})},
  author = {Jagannathan, Sharath Kumar and Bizel, Gulhan and Alpagu, Hulya},
  year = {2023},
  month = dec,
  pages = {610--616},
  doi = {10.1109/ICRTAC59277.2023.10480832},
  urldate = {2025-06-20}
}

@inproceedings{jimenez-maciasStudentClusteringKMeans2024,
  title = {Student {{Clustering Through KMeans}} to {{Enhance Teaching}}},
  booktitle = {2024 {{XVI Congreso}} de {{Tecnolog{\'i}a}}, {{Aprendizaje}} y {{Ense{\~n}anza}} de La {{Electr{\'o}nica}} ({{TAEE}})},
  author = {{Jim{\'e}nez-Mac{\'i}as}, Alberto and {Mu{\~n}oz-Merino}, Pedro J. and Kloos, Carlos Delgado},
  year = {2024},
  month = jun,
  pages = {1--5},
  issn = {2766-2616},
  doi = {10.1109/TAEE59541.2024.10604956},
  urldate = {2025-06-18}
}

@article{kleinAssessingUniversityStudents2014a,
  title = {Assessing University Students' Achievements by Means of Standard Score ({{{\emph{Z}}}} Score) and Its Effect on the Learning Climate},
  author = {Klein, Joseph},
  year = {2014},
  month = mar,
  journal = {Studies in Educational Evaluation},
  volume = {40},
  pages = {63--68},
  issn = {0191-491X},
  doi = {10.1016/j.stueduc.2013.12.002},
  urldate = {2025-06-20}
}

@incollection{macqueenMethodsClassificationAnalysis1967,
  title = {Some Methods for Classification and Analysis of Multivariate Observations},
  booktitle = {Proceedings of the {{Fifth Berkeley Symposium}} on {{Mathematical Statistics}} and {{Probability}}, {{Volume}} 1: {{Statistics}}},
  author = {MacQueen, J.},
  year = {1967},
  month = jan,
  volume = {5.1},
  pages = {281--298},
  publisher = {University of California Press},
  urldate = {2025-06-20}
}

@article{palkhiwalaAnalysisMachineLearning2022,
  title = {Analysis of {{Machine}} Learning Algorithms for Predicting a Student's Grade},
  author = {Palkhiwala, Sparsh and Shah, Manush and Shah, Manan},
  year = {2022},
  month = dec,
  journal = {Journal of Data, Information and Management},
  volume = {4},
  number = {3},
  pages = {329--341},
  issn = {2524-6364},
  doi = {10.1007/s42488-022-00078-2},
  urldate = {2025-06-18}
}

@article{romeroEducationalDataMining2020,
  title = {Educational Data Mining and Learning Analytics: {{An}} Updated Survey},
  shorttitle = {Educational Data Mining and Learning Analytics},
  author = {Romero, C. and Ventura, S.},
  year = {2020},
  month = may,
  journal = {WIREs Data Mining and Knowledge Discovery},
  volume = {10},
  number = {3},
  eprint = {2402.07956},
  primaryclass = {cs},
  pages = {e1355},
  issn = {1942-4787, 1942-4795},
  doi = {10.1002/widm.1355},
  urldate = {2025-06-19},
  archiveprefix = {arXiv}
}

@inproceedings{royEmergingTrendsApplications2017,
  title = {Emerging Trends in Applications of Big Data in Educational Data Mining and Learning Analytics},
  booktitle = {2017 7th {{International Conference}} on {{Cloud Computing}}, {{Data Science}} \& {{Engineering}} - {{Confluence}}},
  author = {Roy, Sagardeep and Singh, Shailendra Narayan},
  year = {2017},
  month = jan,
  pages = {193--198},
  doi = {10.1109/CONFLUENCE.2017.7943148},
  urldate = {2025-06-18}
}

@inproceedings{santhanakrishnanParallelDistributedCluster2022,
  title = {A {{Parallel}} Distributed {{Cluster Computing Model}} for {{Z-Score Computation}} in {{Respect}} of {{Sri Lankan University Admissions}}},
  booktitle = {2022 2nd {{International Conference}} on {{Advanced Research}} in {{Computing}} ({{ICARC}})},
  author = {Santhanakrishnan, K. and Senthooran, V.},
  year = {2022},
  month = feb,
  pages = {344--348},
  doi = {10.1109/ICARC54489.2022.9754093},
  urldate = {2025-06-20}
}

@book{spiegelSchaumsOutlineStatistics2018,
  title = {Schaum's {{Outline}} of {{Statistics}}},
  author = {Spiegel, Murray R. and Stephens, Larry J.},
  year = {2018},
  edition = {6th Edition},
  publisher = {McGraw-Hill Education},
  urldate = {2025-06-20},
  isbn = {978-1-260-01146-3}
}

@inproceedings{wangAlgorithmStudentGrade2022,
  title = {The {{Algorithm}} of {{Student Grade Evaluation Based}} on {{Clustering}}},
  booktitle = {2022 3rd {{International Conference}} on {{Information Science}} and {{Education}} ({{ICISE-IE}})},
  author = {Wang, Haifeng and Zhang, Kun and Hu, Yaqi},
  year = {2022},
  month = nov,
  pages = {183--187},
  doi = {10.1109/ICISE-IE58127.2022.00045},
  urldate = {2025-06-18}
}

@misc{WhatLearningAnalytics,
  title = {What Is {{Learning Analytics}}},
  journal = {Society for Learning Analytics Research (SoLAR)},
  urldate = {2025-06-20},
  howpublished = {https://www.solaresearch.org/about/what-is-learning-analytics/}
}

@article{yaroOutlierDetectionPerformance2024,
  title = {Outlier {{Detection Performance}} of a {{Modified Z-Score Method}} in {{Time-Series RSS Observation With Hybrid Scale Estimators}}},
  author = {Yaro, Abdulmalik Shehu and Maly, Filip and Prazak, Pavel and Mal{\'y}, Karel},
  year = {2024},
  journal = {IEEE Access},
  volume = {12},
  pages = {12785--12796},
  issn = {2169-3536},
  doi = {10.1109/ACCESS.2024.3356731},
  urldate = {2025-06-20}
}

@inproceedings{zhangBriefAnalysisKey2018,
  title = {A Brief Analysis of the Key Technologies and Applications of Educational Data Mining on Online Learning Platform},
  booktitle = {2018 {{IEEE}} 3rd {{International Conference}} on {{Big Data Analysis}} ({{ICBDA}})},
  author = {Zhang, Wei and Qin, Shiming},
  year = {2018},
  month = mar,
  pages = {83--86},
  doi = {10.1109/ICBDA.2018.8367655},
  urldate = {2025-06-18}
}
